@ARTICLE{livrocalc3,
AUTHOR = "Diomara Pinto and Maria Cândida Ferreira Morgado",
TITLE = "Cálculo Diferencial e Integral de Funções de Várias Variáveis",
PUBLISHER = "UFRJ",
ADDRESS = "Rio de Janeiro",
YEAR = "2000" }